%% This BibTeX bibliography file was created using BibDesk.
%% http://bibdesk.sourceforge.net/


%% Created for Seth Johnson at 2010-01-15 15:01:56 -0500 


%% Saved with string encoding Unicode (UTF-8) 



@Article{Henry,
  author =       "  Henry, A. F.",
  title =        "The Application of Reactor Kinetics to the Analysis of Experiments",
  journal =      "Nuclear Science and Engineering",
  volume =       "3",
  number =       "1",
  pages =        "52--70",
  year =         "1958",
  DOI =          "http://dx.doi.org/10.13182/NSE58-1"
} 

@Book{Bell,
  author =       "G.I., Bell and S., Glasstone",
  title =        "Nuclear Reactor Theory",
  year =         "1970",
  publisher =      "Van Nostrand Reinhold Company",
  address= "New York."
} 

@Book{duder,
  author =       "James, Duderstadt and Louis, Hamilton ",
  title =        "Nuclear Reactor Analysis",
  year =         "1976",
  publisher =      "John Wiley and Sons",
  address= "New York."
} 

@Article{Shayesteh,
  author =       "Shayesteh, M. and  Shahriari,M.",
  title =        "Calculation of time-dependent neutronic parameters using Monte Carlo method",
  journal =      "Annals of Nuclear Energy",
  volume =       "36",
  number =       "7",
  pages =        "901--909",
  year =         "2009",
  DOI =          "http://doi:10.1016/j.anucene.2009.03.010"
} 

@Article{Dulla,
  author =       " Dulla, S. and  Mund, E.H and Ravetto,P.",
  title =        "The quasi-static method revisited",
  journal =      "Progress in Nuclear Energy",
  volume =       "50",
  number =       "8",
  pages =        "908--920",
  year =         "2009",
  DOI =          "http://doi:10.1016/j.anucene.2009.03.010"
} 

@PhdThesis{Gehin,
  author =       " Gehin, J.C ",
  title =        "A quasi-static polynomial nodal method for nuclear reactor analysis.",
  school =       "Massachusetts Institute of Technology",
  year =         "1992",
} 

@PhdThesis{Waddell,
  author =       "Waddell, M.W.",
  title =        "A Hybrid Stochastic/Deterministic Method for Transient Three-Dimensional Neutron Transport",
  school =       "The University of Tennessee, Knoxville",
  year =         "1993",
} 

@PhdThesis{Bentley,
  author =       "Charles Bentley",
  title =        "Improvements in a Hybrid Stochastic/ Deterministic Method for Transient Three- Dimensional Neutron Transport",
  school =       "The University of Tennessee, Knoxville",
  year =         "1996",
} 

@article{goluoglu2001time,
  title={A time-dependent, three-dimensional neutron transport methodology},
  author={Goluoglu, Sedat and Dodds, HL},
  journal={Nuclear science and engineering},
  volume={139},
  number={3},
  pages={248--261},
  year={2001},
  publisher={American Nuclear Society}
}	
@book{Robinson_Bauer_1994,
place={United States}, title={The M8 Power Calibration Experiment (M8CAL)}, url={http://www.osti.gov/scitech/servlets/purl/1130413}, DOI={10.2172/1130413}, author={Robinson, W. R. and Bauer, T. H.}, year={1994}, month={May}}

@techreport{kontogeorgakos2014treat,
  title={TREAT Transient Analysis Benchmarking for the HEU Core},
  author={Kontogeorgakos, DC and Connaway, HM and Wright, AE},
  year={2014},
  institution={Argonne National Laboratory (ANL)}
}



@conference{physor_mausolff,
  author       = { Mausolff, Zander and  Goluoglu,Sedat and DeHart, Mark}, 
  title        = {Verification of the Time-dependent Transport Code TDKENO with the Monte Carlo Code KENO-VI},
  year         = 2016,
  pages        = 2698,
  organization = {PHYSOR 2016},
  publisher    = {American Nuclear Society},
}

@conference{physor_paluch,
  author       = { Paluch, Justin and and Popp, Dustin and  Goluoglu, Sedat and DeHart, Mark}, 
  title        = { Application of TDKENO to TREAT
Temperature-Limited Transients},
  year         = 2016,
  organization = {PHYSOR 2016},
  publisher    = {American Nuclear Society},
}

@inproceedings{yoo2003slurm,
  title={Slurm: Simple linux utility for resource management},
  author={Yoo, Andy B and Jette, Morris A and Grondona, Mark},
  booktitle={Workshop on Job Scheduling Strategies for Parallel Processing},
  pages={44--60},
  year={2003},
  organization={Springer}
}

@techreport{rearden2013overview,
  title={Overview of SCALE 6.2},
  author={Rearden, Bradley T and Dunn, Michael E and Wiarda, Dorothea and Celik, Cihangir and Bekar, Kursat B and Williams, Mark L and Peplow, Douglas E and others},
  year={2013},
  institution={Oak Ridge National Laboratory (ORNL)}
}

@techreport{bess2015baseline,
  title={Baseline assessment of TREAT for modeling and analysis needs},
  author={Bess, John Darrell and DeHart, Mark David},
  year={2015},
  institution={Idaho National Laboratory (INL), Idaho Falls, ID (United States)}
}